%% This BibTeX bibliography file was created using BibDesk.
%% https://bibdesk.sourceforge.io/

%% Created for 屋比久　博文 at 2023-12-25 18:13:48 +0900 


%% Saved with string encoding Unicode (UTF-8) 



@misc{consume_doc,
	Date-Added = {2023-12-25 18:07:12 +0900},
	Date-Modified = {2023-12-25 18:13:03 +0900},
	Title = {消費者庁，平成29年版消費者白書第1部 第3章 第1節(4)若者の情報の活用や向き合い方},
	Url = {https://www.caa.go.jp/policies/policy/consumer_research/white_paper/2017/white_paper_133.html#zuhyo-1-3-1-25}}

@article{Article_01,
	Author = {FirstName LastName},
	Journal = {Journal of Natural Language Processing},
	Number = 1,
	Pages = {251--258},
	Title = {Title of The Article},
	Volume = 13,
	Year = 2006}

@book{Book_02,
	Author = {FirstNameA LastNameA and FirstNameB LastNameB and FirstNameC LastNameC and FirstNameD LastNameD},
	Publisher = {The Association for Natural Language Processing},
	Title = {Title of The Book},
	Year = 1988}

@inproceedings{Inproc_03,
	Author = {著者氏名1 and 著者氏名2 and 著者氏名3},
	Booktitle = {プロシーディングスの名前},
	Title = {論文タイトル},
	Year = 1986}

@techreport{Techrep_05,
	Author = {著者氏名1 and 著者氏名2 and 著者氏名3 and 著者氏名4},
	Institution = {出版者},
	Title = {技報タイトル},
	Year = 1985}

@misc{Web1,
	Author = {著者氏名},
	Date-Modified = {2023-12-25 13:01:05 +0900},
	Note = {\url{http://www.pluto.ai.kyutech.ac.jp/NLP/}},
	Title = {ホームページタイトル},
	Year = {2017}}

@misc{JLREQ,
	Note = {\url{https://www.w3.org/TR/jlreq/}},
	Title = {{W3C日本語組版タスクフォース．日本語組版の要件（日本語版）}},
	Year = {（2020-11閲覧）}}
